@Book{xie2015,
  title = {Dynamic Documents with {R} and knitr},
  author = {Yihui Xie},
  publisher = {Chapman and Hall/CRC},
  address = {Boca Raton, Florida},
  year = {2015},
  edition = {2nd},
  note = {ISBN 978-1498716963},
  url = {http://yihui.name/knitr/},
},

@misc{hickey-pie-worst,
  author = {Hickey, Walter},
  title = {The Worst Chart In The World},
  journal = {Business Insider},
  type = {Blog},
  number = {June 17},
  year = {2013},
  howpublished = {\url{http://www.businessinsider.com/pie-charts-are-the-worst-2013-6}},
},

@misc{henry-defense-pie,
  author = {Henry, Kristin},
  title = {In Defense of Pie Charts, and Why You Shouldn't Use Them},
  journal = {Medium},
  type = {Blog},
  number = {May 26},
  year = {2017},
  howpublished = {\url{https://medium.com/@KristinHenry/in-defense-of-pie-charts-and-why-you-shouldnt-use-them-df2e8ccb5f76}},
}

@misc{quach-penny,
  author = {Quach, Alex},
  title = {Why pie charts often suck: And how we did better},
  journal = {The Mission},
  type = {Blog},
  number = {March 11},
  year = {2016},
  howpublished = {\url{https://medium.com/the-mission/to-pie-charts-3b1f57bcb34a}},
}
